<?xml version="1.0" encoding="UTF-8"?><collection xmlns="http://www.loc.gov/MARC21/slim"><record><leader>00395nam--2200169-u-4500</leader><controlfield tag="001">000052026</controlfield><controlfield tag="002">20161230</controlfield><controlfield tag="005">20170103181045</controlfield><controlfield tag="008">090602s1000------------r-----000-0-eng-d</controlfield><datafield ind1=" " ind2=" " tag="040"><subfield code="a">IFIN-HH</subfield></datafield><datafield ind1=" " ind2=" " tag="080"><subfield code="a">517.957</subfield></datafield><datafield ind1="1" ind2=" " tag="100"><subfield code="a">Gabov, S. A</subfield></datafield><datafield ind1="1" ind2=" " tag="245"><subfield code="a">Vvedenie v Teoriyu Nelineinykh Voln</subfield></datafield><datafield ind1=" " ind2=" " tag="260"><subfield code="a">Moskva</subfield><subfield code="c">1988</subfield></datafield><datafield ind1=" " ind2=" " tag="300"><subfield code="a">176 p</subfield></datafield><datafield ind1=" " ind2=" " tag="852"><subfield code="a">78719</subfield><subfield code="c">517.9</subfield></datafield><datafield ind1=" " ind2=" " tag="CAT"><subfield code="a">SYS</subfield><subfield code="c">20170103</subfield><subfield code="h">181045</subfield></datafield></record></collection>